<?xml version="1.0" encoding="UTF-8"?><record xmlns="http://www.loc.gov/MARC21/slim" xmlns:cinclude="http://apache.org/cocoon/include/1.0" xmlns:zs="http://www.loc.gov/zing/srw/">
  <leader>00839cz  a2200205n  4500</leader>
  <controlfield tag="001">n  87920354 </controlfield>
  <controlfield tag="003">DLC</controlfield>
  <controlfield tag="005">20080811161856.0</controlfield>
  <controlfield tag="008">881202nc acannaabn          |b ana      </controlfield>
  <datafield tag="010" ind1=" " ind2=" ">
    <subfield code="a">n  87920354 </subfield>
  </datafield>
  <datafield tag="035" ind1=" " ind2=" ">
    <subfield code="a">(OCoLC)oca02416134</subfield>
  </datafield>
  <datafield tag="040" ind1=" " ind2=" ">
    <subfield code="a">DLC</subfield>
    <subfield code="b">eng</subfield>
    <subfield code="c">DLC</subfield>
    <subfield code="d">OCoLC</subfield>
  </datafield>
  <datafield tag="110" ind1="2" ind2=" ">
    <subfield code="a">"Zhongguo bei fang min zu guan xi shi" bian xie zu</subfield>
  </datafield>
  <datafield tag="410" ind1="2" ind2=" ">
    <subfield code="w">nne</subfield>
    <subfield code="a">"Chung-kuo pei fang min tsu kuan hsi shih" pien hsieh tsu</subfield>
  </datafield>
  <datafield tag="410" ind1="2" ind2=" ">
    <subfield code="a">"Zhong guo bei fang min zu guan xi shi" bian xie zu</subfield>
  </datafield>
  <datafield tag="410" ind1="2" ind2=" ">
    <subfield code="a">《中国北方民族关系史》编写组</subfield>
  </datafield>
  <datafield tag="410" ind1="2" ind2=" ">
    <subfield code="a">《中國北方民族關係史》編寫組</subfield>
  </datafield>
  <datafield tag="667" ind1=" " ind2=" ">
    <subfield code="a">Machine-derived non-Latin script reference project.</subfield>
  </datafield>
  <datafield tag="667" ind1=" " ind2=" ">
    <subfield code="a">Non-Latin script references not evaluated.</subfield>
  </datafield>
  <datafield tag="670" ind1=" " ind2=" ">
    <subfield code="a">Chung-kuo pei fang min tsu kuan hsi shih, 1987:</subfield>
    <subfield code="b">t.p. ("Chung-kuo pei fang min tsu kuan hsi shih" pien hsieh tsu)</subfield>
  </datafield>
</record>